<?xml version="1.0" encoding="UTF-8"?><collection xmlns="http://www.loc.gov/MARC21/slim"><record><leader>00350nam--2200121-i-4500</leader><controlfield tag="001">000000373</controlfield><controlfield tag="002">20161230</controlfield><controlfield tag="005">20161230201024</controlfield><controlfield tag="008">060222s1000------------r-----000-0-eng-d</controlfield><datafield ind1=" " ind2=" " tag="100"><subfield code="a">Fromherz, Hans</subfield></datafield><datafield ind1=" " ind2=" " tag="245"><subfield code="a">Physikalisch.chemisches rechnen in wissenschaft und technik</subfield></datafield><datafield ind1=" " ind2=" " tag="260"><subfield code="a">Weinheim, Verlag Chemie G.Mbh. Xii + 316 P. Mit Figuren</subfield></datafield><datafield ind1=" " ind2=" " tag="852"><subfield code="a">11618</subfield></datafield></record></collection>